@INPROCEEDINGS{permutatedscheme,
  author={Zhao Zhang and Zhichun Zhu and Xiaodong Zhang},
  booktitle={Proceedings 33rd Annual IEEE/ACM International Symposium on Microarchitecture. MICRO-33 2000}, 
  title={A permutation-based page interleaving scheme to reduce row-buffer conflicts and exploit data locality}, 
  year={2000},
  volume={},
  number={},
  pages={32-41},
  doi={10.1109/MICRO.2000.898056}
}
  
  
  
@inproceedings{RLDP,
title={The compact memory scheduling maximizing row buffer locality},
author={Moon, Young-Suk and Kwon, Yongkee and Kim, Hong-Sik and Kim, Dong-gun and Lee, Hyungdong Hayden and Park, Kunwoo},
booktitle={3rd JILP Workshop on Computer Architecture Competitions: Memory Scheduling Championship, MSC},
year={2012}
}


@article{threadfair,
  title={Thread-fair memory request reordering},
  author={Fang, Kun and Iliev, Nick and Noohi, Ehsan and Zhang, Suyu and Zhu, Zhichun},
  journal={resource},
  volume={5},
  number={8},
  pages={2}
}

@book{hdlchipdesign,
  title={HDL Chip Design: A practical guide for designing, synthesizing and simulating ASICs and FPGAs using VHDL or Verilog},
  author={Smith, Douglas J},
  year={1998},
  publisher={Doone publications}
}


@book{Memorysystems,
  title={Memory systems: cache, DRAM, disk},
  author={Jacob, Bruce and Wang, David and Ng, Spencer},
  year={2010},
  publisher={Morgan Kaufmann}
}

@inproceedings{solihin2001prefetching,
  title={Prefetching in an Intelligent Memory Architecture Using a Helper Thread},
  author={Solihin, Yan and Lee, Jaejin and Torrellas, Josep},
  booktitle={5th Workshop on Multithreaded Execution, Architecture, and Compilation},
  year={2001},
  organization={Citeseer}
}




@book{mauerer2010professional,
  title={Professional Linux kernel architecture},
  author={Mauerer, Wolfgang},
  year={2010},
  publisher={John Wiley \& Sons}
}

@inproceedings{mietke2006analysis,
  title={Analysis of the Memory Registration Process in the Mellanox InfiniBand Software Stack. 8 2006},
  author={Mietke, F and Baumgartl, R and Rex, R and Mehlan, T and Hoefler, T and Rehm, W},
  booktitle={at Euro-Par 2006 Conference},
  volume={10}
}

@article{article,
author = {Recio, R.J.},
year = {2003},
month = {01},
pages = {},
title = {RDMA enabled NIC (RNIC) Verbs Overview}
}


@phdthesis{macarthur2019fully,
  title={A Fully Userspace Remote Storage Access Stack},
  author={MacArthur, Patrick I},
  year={2019},
  school={University of New Hampshire}
}


@inproceedings{frey2009minimizing,
  title={Minimizing the hidden cost of RDMA},
  author={Frey, Philip Werner and Alonso, Gustavo},
  booktitle={2009 29th IEEE International Conference on Distributed Computing Systems},
  pages={553--560},
  year={2009},
  organization={IEEE}
}


@article{budrukintroduction,
  title={An Introduction to PCI Express},
  author={Budruk, Ravi},
  journal={MindShare, Inc.[Online]. Available: http://www. mindshare. com/files/resources/MindShare\_Intro\_to\_PCIe. pdf}
}

@book{corbet2005linux,
  title={Linux device drivers},
  author={Corbet, Jonathan and Rubini, Alessandro and Kroah-Hartman, Greg},
  year={2005},
  publisher={" O'Reilly Media, Inc."}
}



